@misc{AdrenaAMD,
  title = {AMD Ryzen 9 5900X},
  url   = {https://adrenaline.com.br/produtos/fichatecnica/66309/amd-ryzen-9-5900x},
  month = {10},
  year  = {2021}
}

@misc{TechAMD,
  title = {AMD Ryzen 9 5900X: especificações técnicas e testes},
  url   = {https://technical.city/pt/cpu/Ryzen-9-5900X},
  month = {10},
  year  = {2021}
}
@misc{siteAMD,
  author = {AMD},
  title  = {Processadores para desktop AMD Ryzen™ 9 5900X},
  url    = {https://www.amd.com/pt/products/cpu/amd-ryzen-9-5900x},
  month  = {10},
  year   = {2021}
}
@misc{RISCCISC,
  author = {Luis Gillman},
  title  = {Is Ryzen RISC or CISC?},
  url    = {https://www.compsuccess.com/is-ryzen-risc-or-cisc/},
  month  = {10},
  year   = {2021}
}
@misc{tomsAMD,
  author = {Paul Alcorn},
  title  = {AMD Ryzen 9 5950X and 5900X Review: Zen 3 Breaks the 5 GHz Barrier},
  url    = {https://www.tomshardware.com/reviews/amd-ryzen-9-5950x-5900x-zen-3-review},
  month  = {10},
  year   = {2021}
}
@misc{intel,
  title = {Intel® Core™ i9-11900K Processor},
  url   = {https://ark.intel.com/content/www/us/en/ark/products/212325/intel-core-i911900k-processor-16m-cache-up-to-5-30-ghz.html},
  month = {10},
  year  = {2021}
}


@misc{wiki,
  title = {Cache do processador},
  url   = {https://pt.wikipedia.org/wiki/Cache_do_processador},
  month = {10},
  year  = {2021}
}
